@inproceedings{riederer2011sale,
  title={For sale: your data: by: you},
  author={Riederer, Christopher and Erramilli, Vijay and Chaintreau, Augustin and Krishnamurthy, Balachander and Rodriguez, Pablo},
  booktitle={Proceedings of the 10th ACM WORKSHOP on Hot Topics in Networks},
  pages={1--6},
  year={2011}
}

@article{1_dwork2014algorithmic,
  title={The algorithmic foundations of differential privacy},
  author={Dwork, Cynthia and Roth, Aaron and others},
  journal={Foundations and Trends{\textregistered} in Theoretical Computer Science},
  volume={9},
  number={3--4},
  pages={211--407},
  year={2014},
  publisher={Now Publishers, Inc.}
}

@article{2_ding2017collecting,
  title={Collecting telemetry data privately},
  author={Ding, Bolin and Kulkarni, Janardhan and Yekhanin, Sergey},
  journal={Advances in Neural Information Processing Systems},
  volume={30},
  year={2017}
}

@article{3_wang2020comprehensive,
  title={A comprehensive survey on local differential privacy toward data statistics and analysis},
  author={Wang, Teng and Zhang, Xuefeng and Feng, Jingyu and Yang, Xinyu},
  journal={Sensors},
  volume={20},
  number={24},
  pages={7030},
  year={2020},
  publisher={MDPI}
}

@article{4_arcolezi2022improving,
  title={Improving the utility of locally differentially private protocols for longitudinal and multidimensional frequency estimates},
  author={Arcolezi, H{\'e}ber H and Couchot, Jean-Fran{\c{c}}ois and Al Bouna, Bechara and Xiao, Xiaokui},
  journal={Digital Communications and Networks},
  year={2022},
  publisher={Elsevier}
}

@inproceedings{5_nanayakkara2023chances,
  title={What are the chances? explaining the epsilon parameter in differential privacy},
  author={Nanayakkara, Priyanka and Smart, Mary Anne and Cummings, Rachel and Kaptchuk, Gabriel and Redmiles, Elissa M},
  booktitle={32nd USENIX Security Symposium (USENIX Security 23)},
  pages={1613--1630},
  year={2023}
}